@phdthesis{blanchfield,
  type="Undergraduate Honours Thesis",
  title={An Anonymous and Scaleable Distributed Peer-to-Peer System},
  author={Blanchfield, Sean},
  year={2001},
  school={Trinity College, Dublin}
}
@phdthesis{levacher,
  type="Undergraduate Honours Thesis",
  title={Elite, an Ethical 3rd Generation P2P Search Engine},
  author={Levacher, Killian},
  year={2007},
  school={Trinity College, Dublin}
}
@phdthesis{freenet,
  title={Freenet: A Distributed Decentralised Information Storage and Retrieval System},
  author={Clarke, Ian},
  year={2001},
  school={University of Edinburgh}
}

