@phdthesis{blanchfield,
  type="Undergraduate Honours Thesis",
  title={An Anonymous and Scaleable Distributed Peer-to-Peer System},
  author={Blanchfield, Sean},
  year={2001},
  school={Trinity College, Dublin}
}
@phdthesis{levacher,
  type="Master's Thesis",
  title={Elite, an Ethical 3rd Generation P2P Search Engine},
  author={Levacher, Killian},
  year={2007},
  school={Trinity College, Dublin}
}
@phdthesis{freenet,
  title={Freenet: A Distributed Decentralised Information Storage and Retrieval System},
  author={Clarke, Ian},
  year={2001},
  school={University of Edinburgh}
}
@inproceedings{torrent,
  title={{When KAD meets BitTorrent-Building a Stronger P2P Network}},
  author={Timpanaro, Juan Pablo and Cholez, Thibault and Chrisment, Isabelle and Festor, Olivier},
  booktitle={Parallel and Distributed Processing Workshops and Phd Forum (IPDPSW), 2011 IEEE International Symposium on},
  pages={1635--1642},
  year={2011},
  organization={IEEE}
}
@techreport{tor,
  title={Tor: The second-generation onion router},
  author={Dingledine, Roger and Mathewson, Nick and Syverson, Paul},
  year={2004},
  institution={DTIC Document}
}
@article{kdf,
  title={PKCS\# 5: Password-based cryptography specification version 2.0},
  author={Kaliski, Burt},
  year={2000}
}
@article{hmac,
  title={HMAC: Keyed-hashing for message authentication},
  author={Krawczyk, Hugo and Canetti, Ran and Bellare, Mihir},
  year={1997}
}
@misc{sha1,
  title={US secure hash algorithm 1 (SHA1)},
  author={Eastlake, Donald and Jones, Paul},
  year={2001},
  publisher={RFC 3174, September}
}
@inproceedings{opennet,
    title={{Data from Internet Filtering Study}},
    author={OpenNet Initiative},
    year={2013},
    organization={{\texttt{https://opennet.net/research/data}}}
    url={{\texttt{https://opennet.net/research/data}}}
}
@inproceedings{stackoverflow,
    title={{"About StackOverflow"}},
    author={StackOverflow}
    year={2014}
    url={{\texttt{http://stackoverflow.com/about}}}
}
@incollection{kademlia,
  title={Kademlia: A peer-to-peer information system based on the xor metric},
  author={Maymounkov, Petar and Mazieres, David},
  booktitle={Peer-to-Peer Systems},
  pages={53--65},
  year={2002},
  publisher={Springer}
}
@misc{torrent,
  title={The BitTorrent protocol specification},
  author={Cohen, Bram},
  year={2008},
  publisher={BITTORRENT}
}

